@article{Bacchetta:2004jz,
      author         = "Bacchetta, Alessandro and D'Alesio, Umberto and Diehl,
                        Markus and Miller, C. Andy",
      title          = "{Single-spin asymmetries: The Trento conventions}",
      journal        = "Phys. Rev.",
      volume         = "D70",
      year           = "2004",
      pages          = "117504",
      doi            = "10.1103/PhysRevD.70.117504",
      eprint         = "hep-ph/0410050",
      archivePrefix  = "arXiv",
      primaryClass   = "hep-ph",
      reportNumber   = "DESY-04-193",
      SLACcitation   = "%%CITATION = HEP-PH/0410050;%%"
}

@article{Echevarria:2016scs,
      author         = "Echevarria, Miguel G. and Scimemi, Ignazio and
                        Vladimirov, Alexey",
      title          = "{Unpolarized Transverse Momentum Dependent Parton
                        Distribution and Fragmentation Functions at
                        next-to-next-to-leading order}",
      journal        = "JHEP",
      volume         = "09",
      year           = "2016",
      pages          = "004",
      doi            = "10.1007/JHEP09(2016)004",
      eprint         = "1604.07869",
      archivePrefix  = "arXiv",
      primaryClass   = "hep-ph",
      SLACcitation   = "%%CITATION = ARXIV:1604.07869;%%"
}

@article{Qiu:2000hf,
      author         = "Qiu, Jian-wei and Zhang, Xiao-fei",
      title          = "{Role of the nonperturbative input in QCD resummed
                        Drell-Yan $Q_{T}$ distributions}",
      journal        = "Phys. Rev.",
      volume         = "D63",
      year           = "2001",
      pages          = "114011",
      doi            = "10.1103/PhysRevD.63.114011",
      eprint         = "hep-ph/0012348",
      archivePrefix  = "arXiv",
      primaryClass   = "hep-ph",
      SLACcitation   = "%%CITATION = HEP-PH/0012348;%%"
}

@article{Scimemi:2016ffw,
      author         = "Scimemi, Ignazio and Vladimirov, Alexey",
      title          = "{Power corrections and renormalons in Transverse Momentum
                        Distributions}",
      journal        = "JHEP",
      volume         = "03",
      year           = "2017",
      pages          = "002",
      doi            = "10.1007/JHEP03(2017)002",
      eprint         = "1609.06047",
      archivePrefix  = "arXiv",
      primaryClass   = "hep-ph",
      SLACcitation   = "%%CITATION = ARXIV:1609.06047;%%"
}

@article{deFlorian:2017lwf,
      author         = "de Florian, D. and Epele, M. and Hernandez-Pinto, R. J.
                        and Sassot, R. and Stratmann, M.",
      title          = "{Parton-to-Kaon Fragmentation Revisited}",
      year           = "2017",
      eprint         = "1702.06353",
      archivePrefix  = "arXiv",
      primaryClass   = "hep-ph",
      SLACcitation   = "%%CITATION = ARXIV:1702.06353;%%"
}

@article{Moffat:2017sha,
      author         = "Moffat, E. and Melnitchouk, W. and Rogers, T. C. and
                        Sato, N.",
      title          = "{What are the low-$Q$ and large-$x$ boundaries of
                        collinear QCD factorization theorems?}",
      year           = "2017",
      eprint         = "1702.03955",
      archivePrefix  = "arXiv",
      primaryClass   = "hep-ph",
      reportNumber   = "JLAB-THY-17-2413",
      SLACcitation   = "%%CITATION = ARXIV:1702.03955;%%"
}


%%% contains utf-8, see: http://inspirehep.net/info/faq/general#utf8
%%% add \usepackage[utf8]{inputenc} to your latex preamble

@article{Kikola:2017hnp,
      author         = "Kikoła, Daniel and Echevarria, Miguel García and
                        Hadjidakis, Cynthia and Lansberg, Jean-Philippe and
                        Lorcé, Cedric and Massacrier, Laure and Quintans,
                        Catarina Marques and Signori, Andrea and Trzeciak,
                        Barbara",
      title          = "{Feasibility Studies for Single Transverse-Spin Asymmetry
                        Measurements at a Fixed-Target Experiment Using the LHC
                        Proton and Lead Beams (AFTER@LHC)}",
      year           = "2017",
      eprint         = "1702.01546",
      archivePrefix  = "arXiv",
      primaryClass   = "hep-ex",
      reportNumber   = "JLAB-THY-17-2401",
      SLACcitation   = "%%CITATION = ARXIV:1702.01546;%%"
}

@article{Anselmino:2016uie,
      author         = "Anselmino, M. and Boglione, M. and D'Alesio, U. and
                        Murgia, F. and Prokudin, A.",
      title          = "{Study of the sign change of the Sivers function from
                        STAR Collaboration W/Z production data}",
      year           = "2016",
      eprint         = "1612.06413",
      archivePrefix  = "arXiv",
      primaryClass   = "hep-ph",
      reportNumber   = "JLAB-THY-16-2404",
      SLACcitation   = "%%CITATION = ARXIV:1612.06413;%%"
}

@article{Boglione:2016bph,
      author         = "Boglione, M. and Collins, J. and Gamberg, L. and
                        Gonzalez-Hernandez, J. O. and Rogers, T. C. and Sato, N.",
      title          = "{Kinematics of Current Region Fragmentation in
                        Semi-Inclusive Deeply Inelastic Scattering}",
      journal        = "Phys. Lett.",
      volume         = "B766",
      year           = "2017",
      pages          = "245-253",
      doi            = "10.1016/j.physletb.2017.01.021",
      eprint         = "1611.10329",
      archivePrefix  = "arXiv",
      primaryClass   = "hep-ph",
      reportNumber   = "JLAB-THY-16-2389",
      SLACcitation   = "%%CITATION = ARXIV:1611.10329;%%"
}

@phdthesis{Signori:2016lvd,
      author         = "Signori, Andrea",
      title          = "{Flavor and Evolution Effects in TMD Phenomenology}",
      school         = "Vrije U., Amsterdam",
      year           = "2016",
      url            = "http://inspirehep.net/record/1493030/files/Thesis-2016-Signori.pdf",
      SLACcitation   = "%%CITATION = INSPIRE-1493030;%%"
}

@article{Olive:2016xmw,
      author         = "Patrignani, C. and others",
      title          = "{Review of Particle Physics}",
      collaboration  = "Particle Data Group",
      journal        = "Chin. Phys.",
      volume         = "C40",
      year           = "2016",
      number         = "10",
      pages          = "100001",
      doi            = "10.1088/1674-1137/40/10/100001",
      SLACcitation   = "%%CITATION = CHPHD,C40,100001;%%"
}


%%% contains utf-8, see: http://inspirehep.net/info/faq/general#utf8
%%% add \usepackage[utf8]{inputenc} to your latex preamble

@article{Boer:2016xqr,
      author         = "Boer, Daniël and Cotogno, Sabrina and van Daal, Tom and
                        Mulders, Piet J. and Signori, Andrea and Zhou, Ya-Jin",
      title          = "{Gluon and Wilson loop TMDs for hadrons of spin $\leq$
                        1}",
      journal        = "JHEP",
      volume         = "10",
      year           = "2016",
      pages          = "013",
      doi            = "10.1007/JHEP10(2016)013",
      eprint         = "1607.01654",
      archivePrefix  = "arXiv",
      primaryClass   = "hep-ph",
      reportNumber   = "NIKHEF-2016-030",
      SLACcitation   = "%%CITATION = ARXIV:1607.01654;%%"
}

@article{Bacchetta:2016ccz,
      author         = "Bacchetta, Alessandro",
      title          = "{Where do we stand with a 3-D picture of the proton?}",
      journal        = "Eur. Phys. J.",
      volume         = "A52",
      year           = "2016",
      number         = "6",
      pages          = "163",
      doi            = "10.1140/epja/i2016-16163-5",
      SLACcitation   = "%%CITATION = EPHJA,A52,163;%%"
}

@article{Radici:2016hbh,
      author         = "Radici, Marco",
      title          = "{Imaging the proton}",
      booktitle      = "{Proceedings, 16th International Conference on Hadron
                        Spectroscopy (Hadron 2015): Newport News, Virginia, USA,
                        September 13-18, 2015}",
      journal        = "AIP Conf. Proc.",
      volume         = "1735",
      year           = "2016",
      pages          = "020003",
      doi            = "10.1063/1.4949371",
      SLACcitation   = "%%CITATION = APCPC,1735,020003;%%"
}

@article{Lambertsen:2016wgj,
      author         = "Lambertsen, Martin and Vogelsang, Werner",
      title          = "{Drell-Yan lepton angular distributions in perturbative
                        QCD}",
      journal        = "Phys. Rev.",
      volume         = "D93",
      year           = "2016",
      number         = "11",
      pages          = "114013",
      doi            = "10.1103/PhysRevD.93.114013",
      eprint         = "1605.02625",
      archivePrefix  = "arXiv",
      primaryClass   = "hep-ph",
      SLACcitation   = "%%CITATION = ARXIV:1605.02625;%%"
}

@article{Collins:2016hqq,
      author         = "Collins, J. and Gamberg, L. and Prokudin, A. and Rogers,
                        T. C. and Sato, N. and Wang, B.",
      title          = "{Relating Transverse Momentum Dependent and Collinear
                        Factorization Theorems in a Generalized Formalism}",
      journal        = "Phys. Rev.",
      volume         = "D94",
      year           = "2016",
      number         = "3",
      pages          = "034014",
      doi            = "10.1103/PhysRevD.94.034014",
      eprint         = "1605.00671",
      archivePrefix  = "arXiv",
      primaryClass   = "hep-ph",
      reportNumber   = "JLAB-THY-16-2245",
      SLACcitation   = "%%CITATION = ARXIV:1605.00671;%%"
}

@article{Aschenauer:2015ndk,
      author         = "Aschenauer, E. C. and D'Alesio, U. and Murgia, F.",
      title          = "{TMDs and SSAs in hadronic interactions}",
      journal        = "Eur. Phys. J.",
      volume         = "A52",
      year           = "2016",
      number         = "6",
      pages          = "156",
      doi            = "10.1140/epja/i2016-16156-4",
      eprint         = "1512.05379",
      archivePrefix  = "arXiv",
      primaryClass   = "hep-ph",
      SLACcitation   = "%%CITATION = ARXIV:1512.05379;%%"
}

@article{Boglione:2015zyc,
      author         = "Boglione, Mariaelena and Prokudin, Alexei",
      title          = "{Phenomenology of transverse spin: past, present and
                        future}",
      journal        = "Eur. Phys. J.",
      volume         = "A52",
      year           = "2016",
      number         = "6",
      pages          = "154",
      doi            = "10.1140/epja/i2016-16154-6",
      eprint         = "1511.06924",
      archivePrefix  = "arXiv",
      primaryClass   = "hep-ph",
      SLACcitation   = "%%CITATION = ARXIV:1511.06924;%%"
}

@article{Burkardt:2015qoa,
      author         = "Burkardt, M. and Pasquini, B.",
      title          = "{Modelling the nucleon structure}",
      journal        = "Eur. Phys. J.",
      volume         = "A52",
      year           = "2016",
      number         = "6",
      pages          = "161",
      doi            = "10.1140/epja/i2016-16161-7",
      eprint         = "1510.02567",
      archivePrefix  = "arXiv",
      primaryClass   = "hep-ph",
      SLACcitation   = "%%CITATION = ARXIV:1510.02567;%%"
}

@article{Rogers:2015sqa,
      author         = "Rogers, Ted C.",
      title          = "{An Overview of Transverse Momentum Dependent
                        Factorization and Evolution}",
      journal        = "Eur. Phys. J.",
      volume         = "A52",
      year           = "2016",
      number         = "6",
      pages          = "153",
      doi            = "10.1140/epja/i2016-16153-7",
      eprint         = "1509.04766",
      archivePrefix  = "arXiv",
      primaryClass   = "hep-ph",
      reportNumber   = "JLAB-THY-15-2133",
      SLACcitation   = "%%CITATION = ARXIV:1509.04766;%%"
}


%%% contains utf-8, see: http://inspirehep.net/info/faq/general#utf8
%%% add \usepackage[utf8]{inputenc} to your latex preamble

@article{Bacchetta:2015ora,
      author         = "Bacchetta, Alessandro and Echevarria, Miguel G. and
                        Mulders, Piet J. G. and Radici, Marco and Signori, Andrea",
      title          = "{Effects of TMD evolution and partonic flavor on e$^{+}$
                        e$^{−}$ annihilation into hadrons}",
      journal        = "JHEP",
      volume         = "11",
      year           = "2015",
      pages          = "076",
      doi            = "10.1007/JHEP11(2015)076",
      eprint         = "1508.00402",
      archivePrefix  = "arXiv",
      primaryClass   = "hep-ph",
      reportNumber   = "NIKHEF-2014-035, NIKHEF-PREPRINT-NUMBER-2014-035",
      SLACcitation   = "%%CITATION = ARXIV:1508.00402;%%"
}

@article{Angeles-Martinez:2015sea,
      author         = "Angeles-Martinez, R. and others",
      title          = "{Transverse Momentum Dependent (TMD) parton distribution
                        functions: status and prospects}",
      journal        = "Acta Phys. Polon.",
      volume         = "B46",
      year           = "2015",
      number         = "12",
      pages          = "2501-2534",
      doi            = "10.5506/APhysPolB.46.2501",
      eprint         = "1507.05267",
      archivePrefix  = "arXiv",
      primaryClass   = "hep-ph",
      reportNumber   = "DESY-15-111, NIKHEF-2015-023, RAL-P-2015-006,
                        JLAB-THY-15-2020",
      SLACcitation   = "%%CITATION = ARXIV:1507.05267;%%"
}

@article{Kang:2015msa,
      author         = "Kang, Zhong-Bo and Prokudin, Alexei and Sun, Peng and
                        Yuan, Feng",
      title          = "{Extraction of Quark Transversity Distribution and
                        Collins Fragmentation Functions with QCD Evolution}",
      journal        = "Phys. Rev.",
      volume         = "D93",
      year           = "2016",
      number         = "1",
      pages          = "014009",
      doi            = "10.1103/PhysRevD.93.014009",
      eprint         = "1505.05589",
      archivePrefix  = "arXiv",
      primaryClass   = "hep-ph",
      reportNumber   = "JLAB-THY-15-2044",
      SLACcitation   = "%%CITATION = ARXIV:1505.05589;%%"
}

@article{Radici:2015mwa,
      author         = "Radici, Marco and Courtoy, A. and Bacchetta, Alessandro
                        and Guagnelli, Marco",
      title          = "{Improved extraction of valence transversity
                        distributions from inclusive dihadron production}",
      journal        = "JHEP",
      volume         = "05",
      year           = "2015",
      pages          = "123",
      doi            = "10.1007/JHEP05(2015)123",
      eprint         = "1503.03495",
      archivePrefix  = "arXiv",
      primaryClass   = "hep-ph",
      SLACcitation   = "%%CITATION = ARXIV:1503.03495;%%"
}

@article{Barone:2015ksa,
      author         = "Barone, V. and Boglione, M. and Gonzalez Hernandez, J. O.
                        and Melis, S.",
      title          = "{Phenomenological analysis of azimuthal asymmetries in
                        unpolarized semi-inclusive deep inelastic scattering}",
      journal        = "Phys. Rev.",
      volume         = "D91",
      year           = "2015",
      number         = "7",
      pages          = "074019",
      doi            = "10.1103/PhysRevD.91.074019",
      eprint         = "1502.04214",
      archivePrefix  = "arXiv",
      primaryClass   = "hep-ph",
      SLACcitation   = "%%CITATION = ARXIV:1502.04214;%%"
}


%%% contains utf-8, see: http://inspirehep.net/info/faq/general#utf8
%%% add \usepackage[utf8]{inputenc} to your latex preamble

@article{Buckley:2014ana,
      author         = "Buckley, Andy and Ferrando, James and Lloyd, Stephen and
                        Nordström, Karl and Page, Ben and Rüfenacht, Martin and
                        Schönherr, Marek and Watt, Graeme",
      title          = "{LHAPDF6: parton density access in the LHC precision
                        era}",
      journal        = "Eur. Phys. J.",
      volume         = "C75",
      year           = "2015",
      pages          = "132",
      doi            = "10.1140/epjc/s10052-015-3318-8",
      eprint         = "1412.7420",
      archivePrefix  = "arXiv",
      primaryClass   = "hep-ph",
      reportNumber   = "GLAS-PPE-2014-05, MCNET-14-29, IPPP-14-111, DCPT-14-222",
      SLACcitation   = "%%CITATION = ARXIV:1412.7420;%%"
}

@article{Collins:2014jpa,
      author         = "Collins, John and Rogers, Ted",
      title          = "{Understanding the large-distance behavior of
                        transverse-momentum-dependent parton densities and the
                        Collins-Soper evolution kernel}",
      journal        = "Phys. Rev.",
      volume         = "D91",
      year           = "2015",
      number         = "7",
      pages          = "074020",
      doi            = "10.1103/PhysRevD.91.074020",
      eprint         = "1412.3820",
      archivePrefix  = "arXiv",
      primaryClass   = "hep-ph",
      reportNumber   = "YITP-WSB-14-45, JLAB-THY-15-2001",
      SLACcitation   = "%%CITATION = ARXIV:1412.3820;%%"
}

@article{Lefky:2014eia,
      author         = "Lefky, Christopher and Prokudin, Alexei",
      title          = "{Extraction of the distribution function $h^{\perp}_{1T}$
                        from experimental data}",
      journal        = "Phys. Rev.",
      volume         = "D91",
      year           = "2015",
      number         = "3",
      pages          = "034010",
      doi            = "10.1103/PhysRevD.91.034010",
      eprint         = "1411.0580",
      archivePrefix  = "arXiv",
      primaryClass   = "hep-ph",
      reportNumber   = "JLAB-THY-14-1885",
      SLACcitation   = "%%CITATION = ARXIV:1411.0580;%%"
}


%%% contains utf-8, see: http://inspirehep.net/info/faq/general#utf8
%%% add \usepackage[utf8]{inputenc} to your latex preamble

@article{deFlorian:2014xna,
      author         = "de Florian, Daniel and Sassot, R. and Epele, Manuel and
                        Hernández-Pinto, Roger J. and Stratmann, Marco",
      title          = "{Parton-to-Pion Fragmentation Reloaded}",
      journal        = "Phys. Rev.",
      volume         = "D91",
      year           = "2015",
      number         = "1",
      pages          = "014035",
      doi            = "10.1103/PhysRevD.91.014035",
      eprint         = "1410.6027",
      archivePrefix  = "arXiv",
      primaryClass   = "hep-ph",
      SLACcitation   = "%%CITATION = ARXIV:1410.6027;%%"
}


%%% contains utf-8, see: http://inspirehep.net/info/faq/general#utf8
%%% add \usepackage[utf8]{inputenc} to your latex preamble

@article{Hautmann:2014kza,
      author         = "Hautmann, F. and Jung, H. and Krämer, M. and Mulders, P.
                        J. and Nocera, E. R. and Rogers, T. C. and Signori, A.",
      title          = "{TMDlib and TMDplotter: library and plotting tools for
                        transverse-momentum-dependent parton distributions}",
      journal        = "Eur. Phys. J.",
      volume         = "C74",
      year           = "2014",
      pages          = "3220",
      doi            = "10.1140/epjc/s10052-014-3220-9",
      eprint         = "1408.3015",
      archivePrefix  = "arXiv",
      primaryClass   = "hep-ph",
      reportNumber   = "DESY-14-059, NIKHEF-2014-024, YITP-SB-14-24",
      SLACcitation   = "%%CITATION = ARXIV:1408.3015;%%"
}

@article{DAlesio:2014mrz,
      author         = "D'Alesio, Umberto and Echevarria, Miguel G. and Melis,
                        Stefano and Scimemi, Ignazio",
      title          = "{Non-perturbative QCD effects in $q_{T}$ spectra of
                        Drell-Yan and Z-boson production}",
      journal        = "JHEP",
      volume         = "11",
      year           = "2014",
      pages          = "098",
      doi            = "10.1007/JHEP11(2014)098",
      eprint         = "1407.3311",
      archivePrefix  = "arXiv",
      primaryClass   = "hep-ph",
      reportNumber   = "NIKHEF-2014-023",
      SLACcitation   = "%%CITATION = ARXIV:1407.3311;%%"
}


%%% contains utf-8, see: http://inspirehep.net/info/faq/general#utf8
%%% add \usepackage[utf8]{inputenc} to your latex preamble

@article{Boer:2014tka,
      author         = "Boer, Daniël and den Dunnen, Wilco J.",
      title          = "{TMD evolution and the Higgs transverse momentum
                        distribution}",
      journal        = "Nucl. Phys.",
      volume         = "B886",
      year           = "2014",
      pages          = "421-435",
      doi            = "10.1016/j.nuclphysb.2014.07.006",
      eprint         = "1404.6753",
      archivePrefix  = "arXiv",
      primaryClass   = "hep-ph",
      SLACcitation   = "%%CITATION = ARXIV:1404.6753;%%"
}

@article{Echevarria:2014xaa,
      author         = "Echevarria, Miguel G. and Idilbi, Ahmad and Kang,
                        Zhong-Bo and Vitev, Ivan",
      title          = "{QCD Evolution of the Sivers Asymmetry}",
      journal        = "Phys. Rev.",
      volume         = "D89",
      year           = "2014",
      pages          = "074013",
      doi            = "10.1103/PhysRevD.89.074013",
      eprint         = "1401.5078",
      archivePrefix  = "arXiv",
      primaryClass   = "hep-ph",
      reportNumber   = "NIKHEF-2014-004",
      SLACcitation   = "%%CITATION = ARXIV:1401.5078;%%"
}

@article{Aidala:2014hva,
      author         = "Aidala, C. A. and Field, B. and Gamberg, L. P. and
                        Rogers, T. C.",
      title          = "{Limits on transverse momentum dependent evolution from
                        semi-inclusive deep inelastic scattering at moderate $Q$}",
      journal        = "Phys. Rev.",
      volume         = "D89",
      year           = "2014",
      number         = "9",
      pages          = "094002",
      doi            = "10.1103/PhysRevD.89.094002",
      eprint         = "1401.2654",
      archivePrefix  = "arXiv",
      primaryClass   = "hep-ph",
      SLACcitation   = "%%CITATION = ARXIV:1401.2654;%%"
}

@article{Anselmino:2013lza,
      author         = "Anselmino, M. and Boglione, M. and Gonzalez Hernandez, J.
                        O. and Melis, S. and Prokudin, A.",
      title          = "{Unpolarised Transverse Momentum Dependent Distribution
                        and Fragmentation Functions from SIDIS Multiplicities}",
      journal        = "JHEP",
      volume         = "04",
      year           = "2014",
      pages          = "005",
      doi            = "10.1007/JHEP04(2014)005",
      eprint         = "1312.6261",
      archivePrefix  = "arXiv",
      primaryClass   = "hep-ph",
      reportNumber   = "JLAB-THY-13-1830",
      SLACcitation   = "%%CITATION = ARXIV:1312.6261;%%"
}

@article{Andreev:2013vha,
      author         = "Andreev, V. and others",
      title          = "{Measurement of inclusive $e p$ cross sections at high
                        $Q^2$ at $\sqrt s =$ 225 and 252 GeV and of the
                        longitudinal proton structure function $F_L$ at HERA}",
      collaboration  = "H1",
      journal        = "Eur. Phys. J.",
      volume         = "C74",
      year           = "2014",
      number         = "4",
      pages          = "2814",
      doi            = "10.1140/epjc/s10052-014-2814-6",
      eprint         = "1312.4821",
      archivePrefix  = "arXiv",
      primaryClass   = "hep-ex",
      reportNumber   = "DESY-13-211",
      SLACcitation   = "%%CITATION = ARXIV:1312.4821;%%"
}

@article{Signori:2013gra,
      author         = "Signori, Andrea and Bacchetta, Alessandro and Radici,
                        Marco",
      title          = "{Flavor dependence of unpolarized TMDs from
                        semi-inclusive pion production}",
      booktitle      = "{Proceedings, QCD Evolution Workshop: Newport News, VA,
                        May 6-10, 2013}",
      journal        = "Int. J. Mod. Phys. Conf. Ser.",
      volume         = "25",
      year           = "2014",
      pages          = "1460020",
      doi            = "10.1142/S2010194514600209",
      eprint         = "1309.5929",
      archivePrefix  = "arXiv",
      primaryClass   = "hep-ph",
      reportNumber   = "NIKHEF-2013-031",
      SLACcitation   = "%%CITATION = ARXIV:1309.5929;%%"
}

@article{Signori:2013mda,
      author         = "Signori, Andrea and Bacchetta, Alessandro and Radici,
                        Marco and Schnell, Gunar",
      title          = "{Investigations into the flavor dependence of partonic
                        transverse momentum}",
      journal        = "JHEP",
      volume         = "11",
      year           = "2013",
      pages          = "194",
      doi            = "10.1007/JHEP11(2013)194",
      eprint         = "1309.3507",
      archivePrefix  = "arXiv",
      primaryClass   = "hep-ph",
      reportNumber   = "NIKHEF-2013-030",
      SLACcitation   = "%%CITATION = ARXIV:1309.3507;%%"
}

@article{Adolph:2013stb,
      author         = "Adolph, C. and others",
      title          = "{Hadron Transverse Momentum Distributions in Muon Deep
                        Inelastic Scattering at 160 GeV/$c$}",
      collaboration  = "COMPASS",
      journal        = "Eur. Phys. J.",
      volume         = "C73",
      year           = "2013",
      number         = "8",
      pages          = "2531",
      doi            = "10.1140/epjc/s10052-013-2531-6,
                        10.1140/epjc/s10052-014-3255-y",
      note           = "[Erratum: Eur. Phys. J.C75,no.2,94(2015)]",
      eprint         = "1305.7317",
      archivePrefix  = "arXiv",
      primaryClass   = "hep-ex",
      reportNumber   = "CERN-PH-EP-2013-091",
      SLACcitation   = "%%CITATION = ARXIV:1305.7317;%%"
}

@article{Anselmino:2013vqa,
      author         = "Anselmino, M. and Boglione, M. and D'Alesio, U. and
                        Melis, S. and Murgia, F. and Prokudin, A.",
      title          = "{Simultaneous extraction of transversity and Collins
                        functions from new SIDIS and e+e- data}",
      journal        = "Phys. Rev.",
      volume         = "D87",
      year           = "2013",
      pages          = "094019",
      doi            = "10.1103/PhysRevD.87.094019",
      eprint         = "1303.3822",
      archivePrefix  = "arXiv",
      primaryClass   = "hep-ph",
      reportNumber   = "JLAB-THY-13-1704",
      SLACcitation   = "%%CITATION = ARXIV:1303.3822;%%"
}

@article{Airapetian:2012ki,
      author         = "Airapetian, A. and others",
      title          = "{Multiplicities of charged pions and kaons from
                        semi-inclusive deep-inelastic scattering by the proton and
                        the deuteron}",
      collaboration  = "HERMES",
      journal        = "Phys. Rev.",
      volume         = "D87",
      year           = "2013",
      pages          = "074029",
      doi            = "10.1103/PhysRevD.87.074029",
      eprint         = "1212.5407",
      archivePrefix  = "arXiv",
      primaryClass   = "hep-ex",
      reportNumber   = "DESY-12-157",
      SLACcitation   = "%%CITATION = ARXIV:1212.5407;%%"
}

@article{Bacchetta:2012ty,
      author         = "Bacchetta, Alessandro and Courtoy, A. and Radici, Marco",
      title          = "{First extraction of valence transversities in a
                        collinear framework}",
      journal        = "JHEP",
      volume         = "03",
      year           = "2013",
      pages          = "119",
      doi            = "10.1007/JHEP03(2013)119",
      eprint         = "1212.3568",
      archivePrefix  = "arXiv",
      primaryClass   = "hep-ph",
      SLACcitation   = "%%CITATION = ARXIV:1212.3568;%%"
}

@article{Owens:2012bv,
      author         = "Owens, J. F. and Accardi, A. and Melnitchouk, W.",
      title          = "{Global parton distributions with nuclear and
                        finite-$Q^2$ corrections}",
      journal        = "Phys. Rev.",
      volume         = "D87",
      year           = "2013",
      number         = "9",
      pages          = "094012",
      doi            = "10.1103/PhysRevD.87.094012",
      eprint         = "1212.1702",
      archivePrefix  = "arXiv",
      primaryClass   = "hep-ph",
      reportNumber   = "JLAB-THY-13-5",
      SLACcitation   = "%%CITATION = ARXIV:1212.1702;%%"
}

@article{Collins:2012uy,
      author         = "Collins, John C. and Rogers, Ted C.",
      title          = "{Equality of Two Definitions for Transverse Momentum
                        Dependent Parton Distribution Functions}",
      journal        = "Phys. Rev.",
      volume         = "D87",
      year           = "2013",
      number         = "3",
      pages          = "034018",
      doi            = "10.1103/PhysRevD.87.034018",
      eprint         = "1210.2100",
      archivePrefix  = "arXiv",
      primaryClass   = "hep-ph",
      reportNumber   = "YITP-SB-12-35",
      SLACcitation   = "%%CITATION = ARXIV:1210.2100;%%"
}

@article{Epele:2012vg,
      author         = "Epele, Manuel and Llubaroff, Romina and Sassot, Rodolfo
                        and Stratmann, Marco",
      title          = "{Uncertainties in pion and kaon fragmentation functions}",
      journal        = "Phys. Rev.",
      volume         = "D86",
      year           = "2012",
      pages          = "074028",
      doi            = "10.1103/PhysRevD.86.074028",
      eprint         = "1209.3240",
      archivePrefix  = "arXiv",
      primaryClass   = "hep-ph",
      SLACcitation   = "%%CITATION = ARXIV:1209.3240;%%"
}


%%% contains utf-8, see: http://inspirehep.net/info/faq/general#utf8
%%% add \usepackage[utf8]{inputenc} to your latex preamble

@article{Echevarria:2012pw,
      author         = "Echevarria, Miguel G. and Idilbi, Ahmad and Schäfer,
                        Andreas and Scimemi, Ignazio",
      title          = "{Model-Independent Evolution of Transverse Momentum
                        Dependent Distribution Functions (TMDs) at NNLL}",
      journal        = "Eur. Phys. J.",
      volume         = "C73",
      year           = "2013",
      number         = "12",
      pages          = "2636",
      doi            = "10.1140/epjc/s10052-013-2636-y",
      eprint         = "1208.1281",
      archivePrefix  = "arXiv",
      primaryClass   = "hep-ph",
      SLACcitation   = "%%CITATION = ARXIV:1208.1281;%%"
}

@article{Dudek:2012vr,
      author         = "Dudek, Jozef and others",
      title          = "{Physics Opportunities with the 12 GeV Upgrade at
                        Jefferson Lab}",
      journal        = "Eur. Phys. J.",
      volume         = "A48",
      year           = "2012",
      pages          = "187",
      doi            = "10.1140/epja/i2012-12187-1",
      eprint         = "1208.1244",
      archivePrefix  = "arXiv",
      primaryClass   = "hep-ex",
      reportNumber   = "JLAB-PHY-12-1599",
      SLACcitation   = "%%CITATION = ARXIV:1208.1244;%%"
}

@article{Aaltonen:2012fi,
      author         = "Aaltonen, T. and others",
      title          = "{Transverse momentum cross section of $e^+e^-$ pairs in
                        the $Z$-boson region from $p\bar{p}$ collisions at
                        $\sqrt{s}=1.96$ TeV}",
      collaboration  = "CDF",
      journal        = "Phys. Rev.",
      volume         = "D86",
      year           = "2012",
      pages          = "052010",
      doi            = "10.1103/PhysRevD.86.052010",
      eprint         = "1207.7138",
      archivePrefix  = "arXiv",
      primaryClass   = "hep-ex",
      reportNumber   = "FERMILAB-PUB-12-421-E",
      SLACcitation   = "%%CITATION = ARXIV:1207.7138;%%"
}

@article{Anselmino:2012aa,
      author         = "Anselmino, M. and Boglione, M. and Melis, S.",
      title          = "{A Strategy towards the extraction of the Sivers function
                        with TMD evolution}",
      journal        = "Phys. Rev.",
      volume         = "D86",
      year           = "2012",
      pages          = "014028",
      doi            = "10.1103/PhysRevD.86.014028",
      eprint         = "1204.1239",
      archivePrefix  = "arXiv",
      primaryClass   = "hep-ph",
      SLACcitation   = "%%CITATION = ARXIV:1204.1239;%%"
}

@article{GarciaEchevarria:2011rb,
      author         = "Echevarria, Miguel G. and Idilbi, Ahmad and Scimemi,
                        Ignazio",
      title          = "{Factorization Theorem For Drell-Yan At Low q_T And
                        Transverse Momentum Distributions On-The-Light-Cone}",
      journal        = "JHEP",
      volume         = "07",
      year           = "2012",
      pages          = "002",
      doi            = "10.1007/JHEP07(2012)002",
      eprint         = "1111.4996",
      archivePrefix  = "arXiv",
      primaryClass   = "hep-ph",
      SLACcitation   = "%%CITATION = ARXIV:1111.4996;%%"
}

@book{Collins:2011zzd,
      author         = "Collins, John",
      title          = "{Foundations of perturbative QCD}",
      publisher      = "Cambridge University Press",
      year           = "2013",
      url            = "http://www.cambridge.org/de/knowledge/isbn/item5756723",
      journal        = "Cambridge, UK: Univ. Pr. (2011) 624 p",
      ISBN           = "9781107645257, 9781107645257, 9780521855334,
                        9781139097826",
      SLACcitation   = "%%CITATION = INSPIRE-922696;%%"
}

@article{Bacchetta:2011gx,
      author         = "Bacchetta, Alessandro and Radici, Marco",
      title          = "{Constraining quark angular momentum through
                        semi-inclusive measurements}",
      journal        = "Phys. Rev. Lett.",
      volume         = "107",
      year           = "2011",
      pages          = "212001",
      doi            = "10.1103/PhysRevLett.107.212001",
      eprint         = "1107.5755",
      archivePrefix  = "arXiv",
      primaryClass   = "hep-ph",
      SLACcitation   = "%%CITATION = ARXIV:1107.5755;%%"
}

@article{Aybat:2011zv,
      author         = "Aybat, S. Mert and Rogers, Ted C.",
      title          = "{TMD Parton Distribution and Fragmentation Functions with
                        QCD Evolution}",
      journal        = "Phys. Rev.",
      volume         = "D83",
      year           = "2011",
      pages          = "114042",
      doi            = "10.1103/PhysRevD.83.114042",
      eprint         = "1101.5057",
      archivePrefix  = "arXiv",
      primaryClass   = "hep-ph",
      reportNumber   = "NIKHEF-2011-001",
      SLACcitation   = "%%CITATION = ARXIV:1101.5057;%%"
}

@article{Bozzi:2010xn,
      author         = "Bozzi, Giuseppe and Catani, Stefano and Ferrera,
                        Giancarlo and de Florian, Daniel and Grazzini,
                        Massimiliano",
      title          = "{Production of Drell-Yan lepton pairs in hadron
                        collisions: Transverse-momentum resummation at
                        next-to-next-to-leading logarithmic accuracy}",
      journal        = "Phys. Lett.",
      volume         = "B696",
      year           = "2011",
      pages          = "207-213",
      doi            = "10.1016/j.physletb.2010.12.024",
      eprint         = "1007.2351",
      archivePrefix  = "arXiv",
      primaryClass   = "hep-ph",
      SLACcitation   = "%%CITATION = ARXIV:1007.2351;%%"
}

@article{Schweitzer:2010tt,
      author         = "Schweitzer, P. and Teckentrup, T. and Metz, A.",
      title          = "{Intrinsic transverse parton momenta in deeply inelastic
                        reactions}",
      journal        = "Phys. Rev.",
      volume         = "D81",
      year           = "2010",
      pages          = "094019",
      doi            = "10.1103/PhysRevD.81.094019",
      eprint         = "1003.2190",
      archivePrefix  = "arXiv",
      primaryClass   = "hep-ph",
      SLACcitation   = "%%CITATION = ARXIV:1003.2190;%%"
}

@article{Bacchetta:2010si,
      author         = "Bacchetta, Alessandro and Radici, Marco and Conti,
                        Francesco and Guagnelli, Marco",
      title          = "{Weighted azimuthal asymmetries in a diquark spectator
                        model}",
      journal        = "Eur. Phys. J.",
      volume         = "A45",
      year           = "2010",
      pages          = "373-388",
      doi            = "10.1140/epja/i2010-11016-y",
      eprint         = "1003.1328",
      archivePrefix  = "arXiv",
      primaryClass   = "hep-ph",
      SLACcitation   = "%%CITATION = ARXIV:1003.1328;%%"
}

@article{Ball:2010de,
      author         = "Ball, Richard D. and Del Debbio, Luigi and Forte, Stefano
                        and Guffanti, Alberto and Latorre, Jose I. and Rojo, Juan
                        and Ubiali, Maria",
      title          = "{A first unbiased global NLO determination of parton
                        distributions and their uncertainties}",
      journal        = "Nucl. Phys.",
      volume         = "B838",
      year           = "2010",
      pages          = "136-206",
      doi            = "10.1016/j.nuclphysb.2010.05.008",
      eprint         = "1002.4407",
      archivePrefix  = "arXiv",
      primaryClass   = "hep-ph",
      reportNumber   = "EDINBURGH-2010-05, IFUM-952-FT, FR-PHENO-2010-014,
                        CP3-10-08",
      SLACcitation   = "%%CITATION = ARXIV:1002.4407;%%"
}

@article{Avakian:2010br,
      author         = "Avakian, H. and Efremov, A. V. and Schweitzer, P. and
                        Yuan, F.",
      title          = "{The transverse momentum dependent distribution functions
                        in the bag model}",
      journal        = "Phys. Rev.",
      volume         = "D81",
      year           = "2010",
      pages          = "074035",
      doi            = "10.1103/PhysRevD.81.074035",
      eprint         = "1001.5467",
      archivePrefix  = "arXiv",
      primaryClass   = "hep-ph",
      reportNumber   = "JLAB-PHY-10-1154",
      SLACcitation   = "%%CITATION = ARXIV:1001.5467;%%"
}

@article{Lu:2009ip,
      author         = "Lu, Zhun and Schmidt, Ivan",
      title          = "{Updating Boer-Mulders functions from unpolarized pd and
                        pp Drell-Yan data}",
      journal        = "Phys. Rev.",
      volume         = "D81",
      year           = "2010",
      pages          = "034023",
      doi            = "10.1103/PhysRevD.81.034023",
      eprint         = "0912.2031",
      archivePrefix  = "arXiv",
      primaryClass   = "hep-ph",
      SLACcitation   = "%%CITATION = ARXIV:0912.2031;%%"
}

@article{Chekanov:2009na,
      author         = "Chekanov, S. and others",
      title          = "{Measurement of the Longitudinal Proton Structure
                        Function at HERA}",
      collaboration  = "ZEUS",
      journal        = "Phys. Lett.",
      volume         = "B682",
      year           = "2009",
      pages          = "8-22",
      doi            = "10.1016/j.physletb.2009.10.050",
      eprint         = "0904.1092",
      archivePrefix  = "arXiv",
      primaryClass   = "hep-ex",
      reportNumber   = "DESY-09-046",
      SLACcitation   = "%%CITATION = ARXIV:0904.1092;%%"
}

@article{Martin:2009iq,
      author         = "Martin, A. D. and Stirling, W. J. and Thorne, R. S. and
                        Watt, G.",
      title          = "{Parton distributions for the LHC}",
      journal        = "Eur. Phys. J.",
      volume         = "C63",
      year           = "2009",
      pages          = "189-285",
      doi            = "10.1140/epjc/s10052-009-1072-5",
      eprint         = "0901.0002",
      archivePrefix  = "arXiv",
      primaryClass   = "hep-ph",
      reportNumber   = "IPPP-08-95, DCPT-08-190, CAVENDISH-HEP-08-16",
      SLACcitation   = "%%CITATION = ARXIV:0901.0002;%%"
}

@article{Arnold:2008kf,
      author         = "Arnold, S. and Metz, A. and Schlegel, M.",
      title          = "{Dilepton production from polarized hadron hadron
                        collisions}",
      journal        = "Phys. Rev.",
      volume         = "D79",
      year           = "2009",
      pages          = "034005",
      doi            = "10.1103/PhysRevD.79.034005",
      eprint         = "0809.2262",
      archivePrefix  = "arXiv",
      primaryClass   = "hep-ph",
      reportNumber   = "JLAB-THY-08-877",
      SLACcitation   = "%%CITATION = ARXIV:0809.2262;%%"
}

@article{Ball:2008by,
      author         = "Ball, Richard D. and Del Debbio, Luigi and Forte, Stefano
                        and Guffanti, Alberto and Latorre, Jose I. and Piccione,
                        Andrea and Rojo, Juan and Ubiali, Maria",
      title          = "{A Determination of parton distributions with faithful
                        uncertainty estimation}",
      collaboration  = "NNPDF",
      journal        = "Nucl. Phys.",
      volume         = "B809",
      year           = "2009",
      pages          = "1-63",
      doi            = "10.1016/j.nuclphysb.2008.09.037,
                        10.1016/j.nuclphysb.2009.02.027",
      note           = "[Erratum: Nucl. Phys.B816,293(2009)]",
      eprint         = "0808.1231",
      archivePrefix  = "arXiv",
      primaryClass   = "hep-ph",
      reportNumber   = "EDINBURGH-2008-25, IFUM-923-FT, FREIBURG-2008-08",
      SLACcitation   = "%%CITATION = ARXIV:0808.1231;%%"
}

@article{Pasquini:2008ax,
      author         = "Pasquini, B. and Cazzaniga, S. and Boffi, S.",
      title          = "{Transverse momentum dependent parton distributions in a
                        light-cone quark model}",
      journal        = "Phys. Rev.",
      volume         = "D78",
      year           = "2008",
      pages          = "034025",
      doi            = "10.1103/PhysRevD.78.034025",
      eprint         = "0806.2298",
      archivePrefix  = "arXiv",
      primaryClass   = "hep-ph",
      SLACcitation   = "%%CITATION = ARXIV:0806.2298;%%"
}

@article{Bacchetta:2008xw,
      author         = "Bacchetta, Alessandro and Boer, Daniel and Diehl, Markus
                        and Mulders, Piet J.",
      title          = "{Matches and mismatches in the descriptions of
                        semi-inclusive processes at low and high transverse
                        momentum}",
      journal        = "JHEP",
      volume         = "08",
      year           = "2008",
      pages          = "023",
      doi            = "10.1088/1126-6708/2008/08/023",
      eprint         = "0803.0227",
      archivePrefix  = "arXiv",
      primaryClass   = "hep-ph",
      reportNumber   = "DESY-08-023",
      SLACcitation   = "%%CITATION = ARXIV:0803.0227;%%"
}

@article{Abazov:2007ac,
      author         = "Abazov, V. M. and others",
      title          = "{Measurement of the shape of the boson transverse
                        momentum distribution in $p \bar{p} \to Z / \gamma^{*} \to
                        e^+ e^- + X$ events produced at $\sqrt{s}$=1.96-TeV}",
      collaboration  = "D0",
      journal        = "Phys. Rev. Lett.",
      volume         = "100",
      year           = "2008",
      pages          = "102002",
      doi            = "10.1103/PhysRevLett.100.102002",
      eprint         = "0712.0803",
      archivePrefix  = "arXiv",
      primaryClass   = "hep-ex",
      reportNumber   = "FERMILAB-PUB-07-642-E",
      SLACcitation   = "%%CITATION = ARXIV:0712.0803;%%"
}

@article{Gluck:2007ck,
      author         = "Gluck, M. and Jimenez-Delgado, P. and Reya, E.",
      title          = "{Dynamical parton distributions of the nucleon and very
                        small-x physics}",
      journal        = "Eur. Phys. J.",
      volume         = "C53",
      year           = "2008",
      pages          = "355-366",
      doi            = "10.1140/epjc/s10052-007-0462-9",
      eprint         = "0709.0614",
      archivePrefix  = "arXiv",
      primaryClass   = "hep-ph",
      reportNumber   = "DO-TH-07-06",
      SLACcitation   = "%%CITATION = ARXIV:0709.0614;%%"
}

@article{Bacchetta:2007wc,
      author         = "Bacchetta, Alessandro and Gamberg, Leonard P. and
                        Goldstein, Gary R. and Mukherjee, Asmita",
      title          = "{Collins fragmentation function for pions and kaons in a
                        spectator model}",
      journal        = "Phys. Lett.",
      volume         = "B659",
      year           = "2008",
      pages          = "234-243",
      doi            = "10.1016/j.physletb.2007.09.076",
      eprint         = "0707.3372",
      archivePrefix  = "arXiv",
      primaryClass   = "hep-ph",
      reportNumber   = "DESY-07-105",
      SLACcitation   = "%%CITATION = ARXIV:0707.3372;%%"
}

@article{deFlorian:2007aj,
      author         = "de Florian, Daniel and Sassot, Rodolfo and Stratmann,
                        Marco",
      title          = "{Global analysis of fragmentation functions for pions and
                        kaons and their uncertainties}",
      journal        = "Phys. Rev.",
      volume         = "D75",
      year           = "2007",
      pages          = "114010",
      doi            = "10.1103/PhysRevD.75.114010",
      eprint         = "hep-ph/0703242",
      archivePrefix  = "arXiv",
      primaryClass   = "HEP-PH",
      SLACcitation   = "%%CITATION = HEP-PH/0703242;%%"
}

@article{Bacchetta:2006tn,
      author         = "Bacchetta, Alessandro and Diehl, Markus and Goeke, Klaus
                        and Metz, Andreas and Mulders, Piet J. and Schlegel, Marc",
      title          = "{Semi-inclusive deep inelastic scattering at small
                        transverse momentum}",
      journal        = "JHEP",
      volume         = "02",
      year           = "2007",
      pages          = "093",
      doi            = "10.1088/1126-6708/2007/02/093",
      eprint         = "hep-ph/0611265",
      archivePrefix  = "arXiv",
      primaryClass   = "hep-ph",
      reportNumber   = "DESY-06-204",
      SLACcitation   = "%%CITATION = HEP-PH/0611265;%%"
}

@article{Boer:2006eq,
      author         = "Boer, Daniel and Vogelsang, Werner",
      title          = "{Drell-Yan lepton angular distribution at small
                        transverse momentum}",
      journal        = "Phys. Rev.",
      volume         = "D74",
      year           = "2006",
      pages          = "014004",
      doi            = "10.1103/PhysRevD.74.014004",
      eprint         = "hep-ph/0604177",
      archivePrefix  = "arXiv",
      primaryClass   = "hep-ph",
      reportNumber   = "BNL-NT-06-16",
      SLACcitation   = "%%CITATION = HEP-PH/0604177;%%"
}

@article{Abulencia:2005ix,
      author         = "Abulencia, A. and others",
      title          = "{Measurements of inclusive W and Z cross sections in p
                        anti-p collisions at s**(1/2) = 1.96-TeV}",
      collaboration  = "CDF",
      journal        = "J. Phys.",
      volume         = "G34",
      year           = "2007",
      pages          = "2457-2544",
      doi            = "10.1088/0954-3899/34/12/001",
      eprint         = "hep-ex/0508029",
      archivePrefix  = "arXiv",
      primaryClass   = "hep-ex",
      reportNumber   = "FERMILAB-PUB-05-360-E",
      SLACcitation   = "%%CITATION = HEP-EX/0508029;%%"
}

@article{Bozzi:2005wk,
      author         = "Bozzi, Giuseppe and Catani, Stefano and de Florian,
                        Daniel and Grazzini, Massimiliano",
      title          = "{Transverse-momentum resummation and the spectrum of the
                        Higgs boson at the LHC}",
      journal        = "Nucl. Phys.",
      volume         = "B737",
      year           = "2006",
      pages          = "73-120",
      doi            = "10.1016/j.nuclphysb.2005.12.022",
      eprint         = "hep-ph/0508068",
      archivePrefix  = "arXiv",
      primaryClass   = "hep-ph",
      SLACcitation   = "%%CITATION = HEP-PH/0508068;%%"
}

@article{Konychev:2005iy,
      author         = "Konychev, Anton V. and Nadolsky, Pavel M.",
      title          = "{Universality of the Collins-Soper-Sterman
                        nonperturbative function in gauge boson production}",
      journal        = "Phys. Lett.",
      volume         = "B633",
      year           = "2006",
      pages          = "710-714",
      doi            = "10.1016/j.physletb.2005.12.063",
      eprint         = "hep-ph/0506225",
      archivePrefix  = "arXiv",
      primaryClass   = "hep-ph",
      reportNumber   = "ANL-HEP-PR-05-52",
      SLACcitation   = "%%CITATION = HEP-PH/0506225;%%"
}

@article{Ji:2004wu,
      author         = "Ji, Xiang-dong and Ma, Jian-ping and Yuan, Feng",
      title          = "{QCD factorization for semi-inclusive deep-inelastic
                        scattering at low transverse momentum}",
      journal        = "Phys. Rev.",
      volume         = "D71",
      year           = "2005",
      pages          = "034005",
      doi            = "10.1103/PhysRevD.71.034005",
      eprint         = "hep-ph/0404183",
      archivePrefix  = "arXiv",
      primaryClass   = "hep-ph",
      reportNumber   = "DOE-ER-40762-308, UM-PP-04-037, UM-PP-#04-037",
      SLACcitation   = "%%CITATION = HEP-PH/0404183;%%"
}

@article{Landry:2002ix,
      author         = "Landry, F. and Brock, R. and Nadolsky, Pavel M. and Yuan,
                        C. P.",
      title          = "{Tevatron Run-1 $Z$ boson data and Collins-Soper-Sterman
                        resummation formalism}",
      journal        = "Phys. Rev.",
      volume         = "D67",
      year           = "2003",
      pages          = "073016",
      doi            = "10.1103/PhysRevD.67.073016",
      eprint         = "hep-ph/0212159",
      archivePrefix  = "arXiv",
      primaryClass   = "hep-ph",
      SLACcitation   = "%%CITATION = HEP-PH/0212159;%%"
}

@article{Ji:2002aa,
      author         = "Ji, Xiang-dong and Yuan, Feng",
      title          = "{Parton distributions in light cone gauge: Where are the
                        final state interactions?}",
      journal        = "Phys. Lett.",
      volume         = "B543",
      year           = "2002",
      pages          = "66-72",
      doi            = "10.1016/S0370-2693(02)02384-5",
      eprint         = "hep-ph/0206057",
      archivePrefix  = "arXiv",
      primaryClass   = "hep-ph",
      reportNumber   = "DOE-ER-40762-258, UM-PP-02-058",
      SLACcitation   = "%%CITATION = HEP-PH/0206057;%%"
}

@article{Forte:2002fg,
      author         = "Forte, Stefano and Garrido, Lluis and Latorre, Jose I.
                        and Piccione, Andrea",
      title          = "{Neural network parametrization of deep inelastic
                        structure functions}",
      journal        = "JHEP",
      volume         = "05",
      year           = "2002",
      pages          = "062",
      doi            = "10.1088/1126-6708/2002/05/062",
      eprint         = "hep-ph/0204232",
      archivePrefix  = "arXiv",
      primaryClass   = "hep-ph",
      reportNumber   = "GEF-TH-3-02, RM3-TH-02-01",
      SLACcitation   = "%%CITATION = HEP-PH/0204232;%%"
}

@article{Mulders:2000sh,
      author         = "Mulders, P. J. and Rodrigues, J.",
      title          = "{Transverse momentum dependence in gluon distribution and
                        fragmentation functions}",
      journal        = "Phys. Rev.",
      volume         = "D63",
      year           = "2001",
      pages          = "094021",
      doi            = "10.1103/PhysRevD.63.094021",
      eprint         = "hep-ph/0009343",
      archivePrefix  = "arXiv",
      primaryClass   = "hep-ph",
      reportNumber   = "VUTH-00-23",
      SLACcitation   = "%%CITATION = HEP-PH/0009343;%%"
}

@article{Bacchetta:2000jk,
      author         = "Bacchetta, A. and Mulders, P. J.",
      title          = "{Deep inelastic leptoproduction of spin-one hadrons}",
      journal        = "Phys. Rev.",
      volume         = "D62",
      year           = "2000",
      pages          = "114004",
      doi            = "10.1103/PhysRevD.62.114004",
      eprint         = "hep-ph/0007120",
      archivePrefix  = "arXiv",
      primaryClass   = "hep-ph",
      reportNumber   = "VUTH-00-20",
      SLACcitation   = "%%CITATION = HEP-PH/0007120;%%"
}

@article{Laenen:2000de,
      author         = "Laenen, Eric and Sterman, George F. and Vogelsang,
                        Werner",
      title          = "{Higher order QCD corrections in prompt photon
                        production}",
      journal        = "Phys. Rev. Lett.",
      volume         = "84",
      year           = "2000",
      pages          = "4296-4299",
      doi            = "10.1103/PhysRevLett.84.4296",
      eprint         = "hep-ph/0002078",
      archivePrefix  = "arXiv",
      primaryClass   = "hep-ph",
      reportNumber   = "YITP-99-69, NIKHEF-00-002",
      SLACcitation   = "%%CITATION = HEP-PH/0002078;%%"
}

@article{Affolder:1999jh,
      author         = "Affolder, T. and others",
      title          = "{The transverse momentum and total cross section of
                        $e^+e^-$ pairs in the $Z$ boson region from $p\bar{p}$
                        collisions at $\sqrt{s} = 1.8$ TeV}",
      collaboration  = "CDF",
      journal        = "Phys. Rev. Lett.",
      volume         = "84",
      year           = "2000",
      pages          = "845-850",
      doi            = "10.1103/PhysRevLett.84.845",
      eprint         = "hep-ex/0001021",
      archivePrefix  = "arXiv",
      primaryClass   = "hep-ex",
      reportNumber   = "FERMILAB-PUB-99-220-E",
      SLACcitation   = "%%CITATION = HEP-EX/0001021;%%"
}

@article{Abbott:1999wk,
      author         = "Abbott, B. and others",
      title          = "{Measurement of the inclusive differential cross section
                        for $Z$ bosons as a function of transverse momentum in
                        $\bar{p}p$ collisions at $\sqrt{s} = 1.8$ TeV}",
      collaboration  = "D0",
      journal        = "Phys. Rev.",
      volume         = "D61",
      year           = "2000",
      pages          = "032004",
      doi            = "10.1103/PhysRevD.61.032004",
      eprint         = "hep-ex/9907009",
      archivePrefix  = "arXiv",
      primaryClass   = "hep-ex",
      reportNumber   = "FERMILAB-PUB-99-197-E",
      SLACcitation   = "%%CITATION = HEP-EX/9907009;%%"
}

@article{Nadolsky:1999kb,
      author         = "Nadolsky, Pavel M. and Stump, D. R. and Yuan, C. P.",
      title          = "{Semiinclusive hadron production at HERA: The Effect of
                        QCD gluon resummation}",
      journal        = "Phys. Rev.",
      volume         = "D61",
      year           = "2000",
      pages          = "014003",
      doi            = "10.1103/PhysRevD.64.059903, 10.1103/PhysRevD.61.014003",
      note           = "[Erratum: Phys. Rev.D64,059903(2001)]",
      eprint         = "hep-ph/9906280",
      archivePrefix  = "arXiv",
      primaryClass   = "hep-ph",
      reportNumber   = "MSUHEP-90601",
      SLACcitation   = "%%CITATION = HEP-PH/9906280;%%"
}

@article{Boglione:1999pz,
      author         = "Boglione, Mariaelena and Mulders, P. J.",
      title          = "{Time reversal odd fragmentation and distribution
                        functions in p p and e p single spin asymmetries}",
      journal        = "Phys. Rev.",
      volume         = "D60",
      year           = "1999",
      pages          = "054007",
      doi            = "10.1103/PhysRevD.60.054007",
      eprint         = "hep-ph/9903354",
      archivePrefix  = "arXiv",
      primaryClass   = "hep-ph",
      reportNumber   = "VUTH-99-03",
      SLACcitation   = "%%CITATION = HEP-PH/9903354;%%"
}

@article{Frixione:1998dw,
      author         = "Frixione, Stefano and Nason, Paolo and Ridolfi, Giovanni",
      title          = "{Problems in the resummation of soft gluon effects in the
                        transverse momentum distributions of massive vector bosons
                        in hadronic collisions}",
      journal        = "Nucl. Phys.",
      volume         = "B542",
      year           = "1999",
      pages          = "311-328",
      doi            = "10.1016/S0550-3213(98)00853-0",
      eprint         = "hep-ph/9809367",
      archivePrefix  = "arXiv",
      primaryClass   = "hep-ph",
      reportNumber   = "CERN-TH-98-278, ETH-TH-98-24, GEF-TH-9-1998, IFUM-630-FT",
      SLACcitation   = "%%CITATION = HEP-PH/9809367;%%"
}

@article{Boer:1997nt,
      author         = "Boer, Daniel and Mulders, P. J.",
      title          = "{Time reversal odd distribution functions in
                        leptoproduction}",
      journal        = "Phys. Rev.",
      volume         = "D57",
      year           = "1998",
      pages          = "5780-5786",
      doi            = "10.1103/PhysRevD.57.5780",
      eprint         = "hep-ph/9711485",
      archivePrefix  = "arXiv",
      primaryClass   = "hep-ph",
      reportNumber   = "NIKHEF-97-049, VUTH-97-20",
      SLACcitation   = "%%CITATION = HEP-PH/9711485;%%"
}

@article{Mulders:1995dh,
      author         = "Mulders, P. J. and Tangerman, R. D.",
      title          = "{The Complete tree level result up to order 1/Q for
                        polarized deep inelastic leptoproduction}",
      journal        = "Nucl. Phys.",
      volume         = "B461",
      year           = "1996",
      pages          = "197-237",
      doi            = "10.1016/S0550-3213(96)00648-7,
                        10.1016/0550-3213(95)00632-X",
      note           = "[Erratum: Nucl. Phys.B484,538(1997)]",
      eprint         = "hep-ph/9510301",
      archivePrefix  = "arXiv",
      primaryClass   = "hep-ph",
      reportNumber   = "NIKHEF-95-053",
      SLACcitation   = "%%CITATION = HEP-PH/9510301;%%"
}

@article{Moreno:1990sf,
      author         = "Moreno, G. and others",
      title          = "{Dimuon production in proton - copper collisions at
                        $\sqrt{s}$ = 38.8-GeV}",
      journal        = "Phys. Rev.",
      volume         = "D43",
      year           = "1991",
      pages          = "2815-2836",
      doi            = "10.1103/PhysRevD.43.2815",
      reportNumber   = "FERMILAB-PUB-90-223-E",
      SLACcitation   = "%%CITATION = PHRVA,D43,2815;%%"
}

@article{Collins:1989gx,
      author         = "Collins, John C. and Soper, Davison E. and Sterman,
                        George F.",
      title          = "{Factorization of Hard Processes in QCD}",
      journal        = "Adv. Ser. Direct. High Energy Phys.",
      volume         = "5",
      year           = "1989",
      pages          = "1-91",
      doi            = "10.1142/9789814503266_0001",
      eprint         = "hep-ph/0409313",
      archivePrefix  = "arXiv",
      primaryClass   = "hep-ph",
      reportNumber   = "ITP-SB-89-31",
      SLACcitation   = "%%CITATION = HEP-PH/0409313;%%"
}

@article{Collins:1984kg,
      author         = "Collins, John C. and Soper, Davison E. and Sterman,
                        George F.",
      title          = "{Transverse Momentum Distribution in Drell-Yan Pair and W
                        and Z Boson Production}",
      journal        = "Nucl. Phys.",
      volume         = "B250",
      year           = "1985",
      pages          = "199-224",
      doi            = "10.1016/0550-3213(85)90479-1",
      reportNumber   = "CERN-TH-3923",
      SLACcitation   = "%%CITATION = NUPHA,B250,199;%%"
}

@article{Altarelli:1984pt,
      author         = "Altarelli, Guido and Ellis, R. Keith and Greco, Mario and
                        Martinelli, G.",
      title          = "{Vector Boson Production at Colliders: A Theoretical
                        Reappraisal}",
      journal        = "Nucl. Phys.",
      volume         = "B246",
      year           = "1984",
      pages          = "12-44",
      doi            = "10.1016/0550-3213(84)90112-3",
      reportNumber   = "CERN-TH-3851",
      SLACcitation   = "%%CITATION = NUPHA,B246,12;%%"
}

@article{Davies:1984hs,
      author         = "Davies, C. T. H. and Stirling, W. James",
      title          = "{Nonleading Corrections to the Drell-Yan Cross-Section at
                        Small Transverse Momentum}",
      journal        = "Nucl. Phys.",
      volume         = "B244",
      year           = "1984",
      pages          = "337-348",
      doi            = "10.1016/0550-3213(84)90316-X",
      reportNumber   = "CERN-TH-3853",
      SLACcitation   = "%%CITATION = NUPHA,B244,337;%%"
}

@article{Collins:1981uk,
      author         = "Collins, John C. and Soper, Davison E.",
      title          = "{Back-To-Back Jets in QCD}",
      journal        = "Nucl. Phys.",
      volume         = "B193",
      year           = "1981",
      pages          = "381",
      doi            = "10.1016/0550-3213(81)90339-4",
      note           = "[Erratum: Nucl. Phys.B213,545(1983)]",
      reportNumber   = "OITS-155",
      SLACcitation   = "%%CITATION = NUPHA,B193,381;%%"
}

@article{Ito:1980ev,
      author         = "Ito, A. S. and others",
      title          = "{Measurement of the Continuum of Dimuons Produced in
                        High-Energy Proton - Nucleus Collisions}",
      journal        = "Phys. Rev.",
      volume         = "D23",
      year           = "1981",
      pages          = "604-633",
      doi            = "10.1103/PhysRevD.23.604",
      reportNumber   = "FERMILAB-PUB-80-019-EXP, FERMILAB-PUB-80-019-E",
      SLACcitation   = "%%CITATION = PHRVA,D23,604;%%"
}

@article{Parisi:1979se,
      author         = "Parisi, G. and Petronzio, R.",
      title          = "{Small Transverse Momentum Distributions in Hard
                        Processes}",
      journal        = "Nucl. Phys.",
      volume         = "B154",
      year           = "1979",
      pages          = "427-440",
      doi            = "10.1016/0550-3213(79)90040-3",
      reportNumber   = "CERN-TH-2627",
      SLACcitation   = "%%CITATION = NUPHA,B154,427;%%"
}

@article{gmctrans,
      author         = "Bacchetta, A. and Elschenbroich, U. and Miyachi, Y. and Schnell, G. and Shibata, T.A. and Takubo, Y. and Tanaka, H. 
                        and Seidl, R.",
      title          = "{On the way to a decomposition of the flavor dependent Sivers functions: 
      						 Transverse asymmetries, the decomposition and the transverse MC generator GMC_TRANS}",
      journal        = "HERMES Internal Report 04-039",
      volume         = " ",
      year           = "2004",
      number         = " ",
      pages          = " ",
      doi            = " ",
      eprint         = " ",
      archivePrefix  = " ",
      primaryClass   = " ",
      SLACcitation   = " "
}

@article{D'Alesio:2014vja,
      author         = "D'Alesio, Umberto and Echevarria, Miguel G. and Melis,
                        Stefano and Scimemi, Ignazio",
      title          = "{Non-perturbative QCD effects in $q_{T}$ spectra of
                        Drell-Yan and Z-boson production}",
      journal        = "JHEP",
      volume         = "11",
      year           = "2014",
      pages          = "098",
      doi            = "10.1007/JHEP11(2014)098",
      eprint         = "1407.3311",
      archivePrefix  = "arXiv",
      primaryClass   = "hep-ph",
      reportNumber   = "NIKHEF-2014-023",
      SLACcitation   = "%%CITATION = ARXIV:1407.3311;%%"
}

@article{Su:2014wpa,
      author         = "Sun, Peng and Isaacson, Joshua and Yuan, C. -P. and Yuan,
                        Feng",
      title          = "{Universal Non-perturbative Functions for SIDIS and
                        Drell-Yan Processes}",
      year           = "2014",
      eprint         = "1406.3073",
      archivePrefix  = "arXiv",
      primaryClass   = "hep-ph",
      SLACcitation   = "%%CITATION = ARXIV:1406.3073;%%"
}
